<?xml version="1.0" encoding="UTF-8"?><collection xmlns="http://www.loc.gov/MARC21/slim"><record><leader>00390nam--2200121-i-4500</leader><controlfield tag="001">000036312</controlfield><controlfield tag="002">20161230</controlfield><controlfield tag="005">20161230201040</controlfield><controlfield tag="008">060222s1000------------r-----000-0-eng-d</controlfield><datafield ind1=" " ind2=" " tag="080"><subfield code="a">546.3:538.95:54.03/04(061.3)</subfield></datafield><datafield ind1=" " ind2=" " tag="245"><subfield code="a">Nouvelles proprietes physiques et chimiques des metaux de tres haute purete</subfield></datafield><datafield ind1=" " ind2=" " tag="260"><subfield code="a">/Paris/, Centre National De La Recherche Scientifique, 1961, 286p</subfield></datafield><datafield ind1=" " ind2=" " tag="852"><subfield code="a">75286</subfield></datafield></record></collection>